<?xml version="1.0" encoding="UTF-8"?><record xmlns="http://www.loc.gov/MARC21/slim" xmlns:cinclude="http://apache.org/cocoon/include/1.0" xmlns:zs="http://www.loc.gov/zing/srw/">
  <leader>00337nz  a2200121n  4500</leader>
  <controlfield tag="001">n  85066679 </controlfield>
  <controlfield tag="003">DLC</controlfield>
  <controlfield tag="005">19850904075051.8</controlfield>
  <controlfield tag="008">850716n| acannaab|          |n aaa |||  </controlfield>
  <datafield tag="010" ind1=" " ind2=" ">
    <subfield code="a">n  85066679 </subfield>
  </datafield>
  <datafield tag="040" ind1=" " ind2=" ">
    <subfield code="a">DGPO</subfield>
    <subfield code="c">DLC</subfield>
  </datafield>
  <datafield tag="100" ind1="1" ind2="0">
    <subfield code="a">Molinaro, Edward T.</subfield>
  </datafield>
  <datafield tag="670" ind1=" " ind2=" ">
    <subfield code="a">Edward T. Molinaro and Anthony P. Catanzaro ... 1984:</subfield>
    <subfield code="b">t.p. (Edward T. Molinaro)</subfield>
  </datafield>
</record>